% add references as needed
@misc{VapnikCortes1995,
    author          = {Vladimir Vapnik and Corinna Cortes},
    title           = {Support {V}ector {N}etworks},
    year            = {1995},
    howpublished    = {\url{http://link.springer.com/article/10.1007/bf00994018}}
}

@misc{Fletcher09,
    author          = {Tristan Fletcher},
    title           = {Support {V}ector {M}achines {E}xplained},
    year            = {2009},
    howpublished    = {\url{http://www.tristanfletcher.co.uk/SVM%20Explained.pdf}}
}

@misc{HsuLin02,
    author          = "Chih-Wei Hsu and Chih-Jen Lin",
    title           = "A {C}omparison of {M}ethods for {M}ulticlass {S}upport {V}ector {M}achines",
    year            = "2002",
    howpublished    = {\url{https://www.csie.ntu.edu.tw/~cjlin/papers/multisvm.pdf}}
}

@incollection{Manning08,
    author          = "Cristopher D. Manning and Prabhakar Raghavan and Hinrich Schütze",
    title           = "Introduction to {I}nformation {R}etrieval",
    year            = "2008",
    chapter         = "6.2"
}

@misc{Gimpel11,
    author          = "Kevin Gimpel and Nathan Schneider and Brendan O’Connor and Dipanjan Das and Daniel Mills and Jacob Eisenstein and Michael Heilman and Dani Yogatama and Jeffrey Flanigan and Noah A. Smith",
    title           = "{P}art-of-{S}peech  {T}agging for {T}witter: {A}nnotation, {F}eatures, and {E}xperiments",
    year            = "2011",
    howpublished    = {\url{http://www.ark.cs.cmu.edu/TweetNLP/gimpel+etal.acl11.pdf}}
}


@misc{Owoputi12,
    author          = "Olutobi Owoputi and Brendan O’Connor and Chris Dyer and Kevin Gimpel and Nathan Schneider",
    title           = "Part-of-{S}peech Tagging for {T}witter: Word Clusters and Other Advances",
    year            = "2011",
    howpublished    = {\url{http://www.ark.cs.cmu.edu/TweetNLP/owoputi+etal.tr12.pdf}}
}

@article{scikit-learn,
    title           = {Scikit-learn: Machine Learning in {P}ython},
    author          = {Pedregosa, F. and Varoquaux, G. and Gramfort, A. and Michel, V. and Thirion, B. and Grisel, O. and Blondel, M. and Prettenhofer, P. and Weiss, R. and Dubourg, V. and Vanderplas, J. and Passos, A. and Cournapeau, D. and Brucher, M. and Perrot, M. and Duchesnay, E.},
    journal         = {Journal of Machine Learning Research},
    volume          = {12},
    pages           = {2825--2830},
    year            = {2011}
}

@inproceedings{twitieTagger,
    title           = {Twitter Part-of-Speech Tagging for All: Overcoming Sparse and Noisy Data},
    author          = {Derczynski, Leon and Ritter, Alan and Clark, Sam and Bontcheva, Kalina},
    year            = {2013},
    booktitle       = {Proceedings of the International Conference on Recent Advances in Natural Language Processing},
    publisher       = {Association for Computational Linguistics}
}

@inproceedings{AFINN,
    title           = {A new ANEW: evaluation of a word list for sentiment analysis in microblogs},
    author          = {Finn Årup Nielsen},
    year            = {2011},
    volume          = {718},
    booktitle       = {Proceedings of the ESWC2011 Workshop on 'Making Sense of Microposts': Big things come in small packages},
    pages           = {93-98},
}

@InProceedings{MohammadKZ2013,
    author          = {Mohammad, Saif and Kiritchenko, Svetlana and Zhu, Xiaodan},
    title           = {NRC-Canada: Building the State-of-the-Art in Sentiment Analysis of Tweets},
    booktitle       = {Proceedings of the seventh international workshop on Semantic Evaluation Exercises (SemEval-2013)},
    year            = {2013},
    address         = {Atlanta, Georgia, USA}
}

@misc{vaderSentiment,
    author          = "C.J. Hutto and E. E. Gilbert",
    title           = "VADER: A Parsimonious Rule-based Model for Sentiment Analysis of Social Media Text",
    booktitle       = {Eighth International Conference on Weblogs and Social Media (ICWSM-14)},
    year            = "2014",
    howpublished    = {\url{https://github.com/cjhutto/vaderSentiment}}
}

@misc{PottsTokenizer,
    author          = "Christopher Potts",
    title           = "Sentiment Symposium Tutorial: {T}okenizing",
    year            = "2011",
    howpublished    = {\url{http://sentiment.christopherpotts.net/tokenizing.html}}
}

@mastersthesis{FaretReitan,
    author          = "Jørgen Faret and Johan Reitan",
    title           = "Twitter Sentiment Analysis: Exploring the Effects of Linguistic Negation",
    school          = "Norwegian University of Science and Technology",
    year            = "2015"
}

@mastersthesis{SelmerBrevik,
    author          = "Mikael Brevik and Selmer, Øyvind",
    title           = "Classification and Visualisation of Twitter Sentiment Data",
    school          = "Norwegian University of Science and Technology",
    year            = "2013"
}

@misc{GoSentimentAnalysis09,
    author          = "Alec Go and Lei Huang and Richa Bhayani",
    title           = "Twitter Sentiment Analysis",
    year            = "2009",
    howpublished    = {\url{http://hughchristensen.co.uk/papers/socialNetworking/Twitter%20Sentiment%20Analysis.pdf}}
}

@article{Svetlana14,
    author          = "Svetlana Kiritchenko and Xiaodan Zhu and Saif M. Mohammad",
    title           = "Sentiment Analysis of Short Informal Texts",
    year            = "2014",
    journal         = "Journal of Artificial Intelligence Research",
    volume          = "50",
    pages           = "723–762"
}

@misc{Webis15,
    author          = "Matthias Hagen and Martin Potthast and Michel Büchner and Benno Stein",
    title           = "Webis: {A}n {E}nsemble for {T}witter {S}entiment {D}etection",
    year            = "2015",
    howpublished    = {\url{http://www.uni-weimar.de/medien/webis/publications/papers/stein_2015d.pdf}},
}

@misc{SparckJones72,
    author          = {Karen Sparck Jones},
    title           = {A STATISTICAL INTERPRETATION OF TERM SPECIFICITY AND ITS APPLICATION IN RETRIEVAL},
    journal         = {Journal of Documentation},
    volume          = {28},
    number          = {1},
    pages           = {11-21},
    year            = {1972},
    howpublished    = {\url{http://dx.doi.org/10.1108/eb026526}},
}

@misc{Brown92,
    author          = {Brown, Peter F. and deSouza, Peter V. and Mercer, Robert L. and Pietra, Vincent J. Della and Lai, Jenifer C.},
    title           = {Class-based N-gram Models of Natural Language},
    journal         = {Comput. Linguist.},
    volume          = {18},
    year            = {1992},
    issn            = {0891-2017},
    pages           = {467--479},
    howpublished    = {\url{http://dl.acm.org/citation.cfm?id=176313.176316}},
    publisher       = {MIT Press},
} 

@misc{Councill10,
    author          = {Isaac G. Councill and Ryan McDonald and Leonid Velikovich},
    title           = {What’s Great and What’s Not: Learning to Classify the Scope of Negation for Improved Sentiment Analysis},
    year            = {2010},
    howpublished    = {\url{http://www.aclweb.org/anthology/W10-3110}}
}

@misc{Das01yahoo,
    author          = {Sanjiv R. Das and Mike Y. Chen and To Vikas Agarwal and Chris Brooks and Yuk-shee Chan and David Gibson and David Leinweber and Asis Martinez-jerez and Priya Raghubir and Sridhar Rajagopalan and Ajit Ranade and Mark Rubinstein and Peter Tufano},
    title           = {Yahoo! for amazon: Sentiment extraction from small talk on the web},
    booktitle       = {8th Asia Pacific Finance Association Annual Conference},
    year            = {2001},
    howpublished    = {\url{http://citeseer.ist.psu.edu/viewdoc/summary?doi=10.1.1.202.6418}}
}

@misc{Chang11,
    author          = {Chang, Chih-Chung and Lin, Chih-Jen},
    title           = {LIBSVM: A Library for Support Vector Machines},
    journal         = {ACM Trans. Intell. Syst. Technol.},
    year            = {2011},
    issn            = {2157-6904},
    howpublished    = {\url{http://doi.acm.org/10.1145/1961189.1961199}}
}

@TECHREPORT{Platt98,
    author          = {John C. Platt},
    title           = {Sequential Minimal Optimization: A Fast Algorithm for Training Support Vector Machines},
    institution     = {ADVANCES IN KERNEL METHODS - SUPPORT VECTOR LEARNING},
    year            = {1998}
}
